<?xml version="1.0" encoding="UTF-8"?><collection xmlns="http://www.loc.gov/MARC21/slim"><record><leader>00625nam--2200217-u-4500</leader><controlfield tag="001">000050365</controlfield><controlfield tag="002">20161230</controlfield><controlfield tag="003">81788</controlfield><controlfield tag="005">20161230201048</controlfield><controlfield tag="008">070129s1000------------r-----000-0-eng-d</controlfield><datafield ind1=" " ind2=" " tag="020"><subfield code="a">0821826778</subfield></datafield><datafield ind1=" " ind2=" " tag="040"><subfield code="a">IFIN-HH</subfield></datafield><datafield ind1=" " ind2=" " tag="080"><subfield code="a">512.54:(092)</subfield></datafield><datafield ind1="1" ind2=" " tag="100"><subfield code="a">Curtis, Charles W</subfield></datafield><datafield ind1="1" ind2="0" tag="245"><subfield code="a">Pioneers of Representation theory: Frobenius, Burnside, Shur and Brauer</subfield><subfield code="c">Charles W. Curtis</subfield></datafield><datafield ind1=" " ind2=" " tag="260"><subfield code="a">London</subfield><subfield code="b">American Mathematical Society</subfield><subfield code="c">1999</subfield></datafield><datafield ind1=" " ind2=" " tag="300"><subfield code="a">287 p</subfield></datafield><datafield ind1=" " ind2=" " tag="490"><subfield code="a">History of Mathematics</subfield><subfield code="v">Vol.15</subfield></datafield><datafield ind1=" " ind2="4" tag="650"><subfield code="a">History of Mathematics</subfield></datafield><datafield ind1=" " ind2=" " tag="852"><subfield code="a">81788</subfield><subfield code="c">519.4/5</subfield></datafield><datafield ind1=" " ind2=" " tag="CAT"><subfield code="a">Sys</subfield><subfield code="c">20110314</subfield><subfield code="h">143258</subfield></datafield></record></collection>